% Introduction
@article{Susskind:1978ms,
      author         = "Susskind, Leonard",
      title          = "{Dynamics of Spontaneous Symmetry Breaking in the
                        Weinberg-Salam Theory}",
      journal        = "Phys. Rev. D",
      volume         = "20",
      pages          = "2619",
      doi            = "10.1103/PhysRevD.20.2619",
      year           = "1979",
      reportNumber   = "SLAC-PUB-2142",
      SLACcitation   = "%%CITATION = PHRVA,D20,2619;%%",
}

@article{Fayet:1977yc,
      author         = "Fayet, Pierre",
      title          = "{Spontaneously Broken Supersymmetric Theories of Weak,
                        Electromagnetic and Strong Interactions}",
      journal        = "Phys. Lett.",
      volume         = "B69",
      year           = "1977",
      pages          = "489",
      doi            = "10.1016/0370-2693(77)90852-8",
      reportNumber   = "LPTENS 77/11",
      SLACcitation   = "%%CITATION = PHLTA,B69,489;%%"
}

@article{Djouadi:2005gj,
      author         = "Djouadi, Abdelhak",
      title          = "{The Anatomy of electro-weak symmetry breaking. II. The
                        Higgs bosons in the minimal supersymmetric model}",
      journal        = "Phys. Rept.",
      volume         = "459",
      year           = "2008",
      pages          = "1-241",
      doi            = "10.1016/j.physrep.2007.10.005",
      eprint         = "hep-ph/0503173",
      archivePrefix  = "arXiv",
      primaryClass   = "hep-ph",
      reportNumber   = "LPT-ORSAY-05-18",
      SLACcitation   = "%%CITATION = HEP-PH/0503173;%%"
}

@article{Fayet:1976et,
      author         = "Fayet, Pierre",
      title          = "{Supersymmetry and Weak, Electromagnetic and Strong
                        Interactions}",
      journal        = "Phys. Lett.",
      volume         = "B64",
      year           = "1976",
      pages          = "159",
      doi            = "10.1016/0370-2693(76)90319-1",
      reportNumber   = "PTENS 76/14",
      SLACcitation   = "%%CITATION = PHLTA,B64,159;%%"
}

@article{Branco:2011iw,
      author         = "Branco, G. C. and Ferreira, P. M. and Lavoura, L. and
                        Rebelo, M. N. and Sher, Marc and Silva, Joao P.",
      title          = "{Theory and phenomenology of two-Higgs-doublet models}",
      journal        = "Phys. Rept.",
      volume         = "516",
      year           = "2012",
      pages          = "1-102",
      doi            = "10.1016/j.physrep.2012.02.002",
      eprint         = "1106.0034",
      archivePrefix  = "arXiv",
      primaryClass   = "hep-ph",
      SLACcitation   = "%%CITATION = ARXIV:1106.0034;%%"
}

@article{Djouadi:2015jea,
      author         = "Djouadi, A. and Maiani, L. and Polosa, A. and Quevillon,
                        J. and Riquer, V.",
      title          = "{Fully covering the MSSM Higgs sector at the LHC}",
      journal        = "JHEP",
      volume         = "06",
      year           = "2015",
      pages          = "168",
      doi            = "10.1007/JHEP06(2015)168",
      eprint         = "1502.05653",
      archivePrefix  = "arXiv",
      primaryClass   = "hep-ph",
      reportNumber   = "KCL-PH-TH-15-08, LPT-ORSAY-15-15",
      SLACcitation   = "%%CITATION = ARXIV:1502.05653;%%"
}

@article{Maiani:2013hud,
      author         = "Maiani, L and Polosa, A. D. and Riquer, V",
      title          = "{Bounds to the Higgs Sector Masses in Minimal
                        Supersymmetry from LHC Data}",
      journal        = "Phys. Lett.",
      volume         = "B724",
      year           = "2013",
      pages          = "274-277",
      doi            = "10.1016/j.physletb.2013.06.026",
      eprint         = "1305.2172",
      archivePrefix  = "arXiv",
      primaryClass   = "hep-ph",
      SLACcitation   = "%%CITATION = ARXIV:1305.2172;%%"
}

@article{Djouadi:2013uqa,
      author         = "Djouadi, A. and Maiani, L. and Moreau, G. and Polosa, A.
                        and Quevillon, J. and Riquer, V.",
      title          = "{The post-Higgs MSSM scenario: Habemus MSSM?}",
      journal        = "Eur. Phys. J.",
      volume         = "C73",
      year           = "2013",
      pages          = "2650",
      doi            = "10.1140/epjc/s10052-013-2650-0",
      eprint         = "1307.5205",
      archivePrefix  = "arXiv",
      primaryClass   = "hep-ph",
      reportNumber   = "LPT-ORSAY-13-56",
      SLACcitation   = "%%CITATION = ARXIV:1307.5205;%%"
}

@article{Lee:1973iz,
    title = {A Theory of Spontaneous $T$ Violation},
  author = {Lee, T. D.},
  journal = {Phys. Rev. D},
  volume = {8},
  issue = {4},
  pages = {1226--1239},
  numpages = {0},
  year = {1973},
  month = {Aug},
  publisher = {American Physical Society},
  doi = {10.1103/PhysRevD.8.1226},
  url = {https://link.aps.org/doi/10.1103/PhysRevD.8.1226}
  }

@article{Cheng:1980qt,
      author         = "Cheng, T. P. and Li, Ling-Fong",
      title          = "{Neutrino Masses, Mixings and Oscillations in SU(2) x
                        U(1) Models of Electroweak Interactions}",
      journal        = "Phys. Rev.",
      volume         = "D22",
      year           = "1980",
      pages          = "2860",
      doi            = "10.1103/PhysRevD.22.2860",
      reportNumber   = "PRINT-80-0511 (CARNEGIE-MELLON), COO-3066-152",
      SLACcitation   = "%%CITATION = PHRVA,D22,2860;%%"
}

@article{Schechter:1980gr,
      author         = "Schechter, J. and Valle, J. W. F.",
      title          = "{Neutrino Masses in SU(2) x U(1) Theories}",
      journal        = "Phys. Rev.",
      volume         = "D22",
      year           = "1980",
      pages          = "2227",
      doi            = "10.1103/PhysRevD.22.2227",
      reportNumber   = "SU-4217-167, COO-3533-167",
      SLACcitation   = "%%CITATION = PHRVA,D22,2227;%%"
}

@article{Lazarides:1980nt,
      author         = "Lazarides, George and Shafi, Q. and Wetterich, C.",
      title          = "{Proton Lifetime and Fermion Masses in an SO(10) Model}",
      journal        = "Nucl. Phys.",
      volume         = "B181",
      year           = "1981",
      pages          = "287-300",
      doi            = "10.1016/0550-3213(81)90354-0",
      reportNumber   = "FREIBURG-THEP-80-2",
      SLACcitation   = "%%CITATION = NUPHA,B181,287;%%"
}

@article{Mohapatra:1980yp,
      author         = "Mohapatra, Rabindra N. and Senjanovic, Goran",
      title          = "{Neutrino Masses and Mixings in Gauge Models with
                        Spontaneous Parity Violation}",
      journal        = "Phys. Rev.",
      volume         = "D23",
      year           = "1981",
      pages          = "165",
      doi            = "10.1103/PhysRevD.23.165",
      reportNumber   = "FERMILAB-PUB-80-061-THY, FERMILAB-PUB-80-061-T",
      SLACcitation   = "%%CITATION = PHRVA,D23,165;%%"
}

@article{Magg:1980ut,
      author         = "Magg, M. and Wetterich, C.",
      title          = "{Neutrino Mass Problem and Gauge Hierarchy}",
      journal        = "Phys. Lett.",
      volume         = "B94",
      year           = "1980",
      pages          = "61-64",
      doi            = "10.1016/0370-2693(80)90825-4",
      reportNumber   = "CERN-TH-2829",
      SLACcitation   = "%%CITATION = PHLTA,B94,61;%%"
}

@article{Hajer:2015gka,
      author         = "Hajer, Jan and Li, Ying-Ying and Liu, Tao and Shiu, John
                        F. H.",
      title          = "{Heavy Higgs Bosons at 14 TeV and 100 TeV}",
      journal        = "JHEP",
      volume         = "11",
      year           = "2015",
      pages          = "124",
      doi            = "10.1007/JHEP11(2015)124",
      eprint         = "1504.07617",
      archivePrefix  = "arXiv",
      primaryClass   = "hep-ph",
      SLACcitation   = "%%CITATION = ARXIV:1504.07617;%%"
}

@article{Gaemers:1984sj,
      author         = "Gaemers, K. J. F. and Hoogeveen, F.",
      title          = "{Higgs Production and Decay Into Heavy Flavors With the
                        Gluon Fusion Mechanism}",
      journal        = "Phys. Lett. B",
      volume         = "146",
      year           = "1984",
      pages          = "347",
      doi            = "10.1016/0370-2693(84)91711-8",
      reportNumber   = "ITFA-84-6",
      SLACcitation   = "%%CITATION = PHLTA,B146,347;%%"
}
@article{Vecchi:2015fma,
      author         = "Vecchi, Luca",
      title          = "{A dangerous irrelevant UV-completion of the composite
                        Higgs}",
      journal        = "JHEP",
      volume         = "02",
      year           = "2017",
      pages          = "094",
      doi            = "10.1007/JHEP02(2017)094",
      eprint         = "1506.00623",
      archivePrefix  = "arXiv",
      primaryClass   = "hep-ph",
      SLACcitation   = "%%CITATION = ARXIV:1506.00623;%%"
}
@article{Agashe:2003zs,
      author         = "Agashe, Kaustubh and Delgado, Antonio and May, Michael J.
                        and Sundrum, Raman",
      title          = "{RS1, custodial isospin and precision tests}",
      journal        = "JHEP",
      volume         = "08",
      year           = "2003",
      pages          = "050",
      doi            = "10.1088/1126-6708/2003/08/050",
      eprint         = "hep-ph/0308036",
      archivePrefix  = "arXiv",
      primaryClass   = "hep-ph",
      SLACcitation   = "%%CITATION = HEP-PH/0308036;%%"
}
@article{Agashe:2004rs,
      author         = "Agashe, Kaustubh and Contino, Roberto and Pomarol, Alex",
      title          = "{The Minimal composite Higgs model}",
      journal        = "Nucl. Phys.",
      volume         = "B719",
      year           = "2005",
      pages          = "165-187",
      doi            = "10.1016/j.nuclphysb.2005.04.035",
      eprint         = "hep-ph/0412089",
      archivePrefix  = "arXiv",
      primaryClass   = "hep-ph",
      reportNumber   = "UAB-FT-567",
      SLACcitation   = "%%CITATION = HEP-PH/0412089;%%"
}
@article{Panico:2015jxa,
      author         = "Panico, Giuliano and Wulzer, Andrea",
      title          = "{The Composite Nambu-Goldstone Higgs}",
      journal        = "Lect. Notes Phys.",
      volume         = "913",
      year           = "2016",
      pages          = "pp.1-316",
      doi            = "10.1007/978-3-319-22617-0",
      eprint         = "1506.01961",
      archivePrefix  = "arXiv",
      primaryClass   = "hep-ph",
      reportNumber   = "DFPD-2015TH9",
      SLACcitation   = "%%CITATION = ARXIV:1506.01961;%%"
}

@article{Ferretti:2013kya,
  title = {Fermionic UV completions of composite Higgs models},
  volume = {2014},
  ISSN = {1029-8479},
  DOI = {10.1007/jhep03(2014)077},
  number = {3},
  journal = {Journal of High Energy Physics},
  publisher = {Springer Science and Business Media LLC},
  author = {Ferretti,  Gabriele and Karateev,  Denis},
  year = {2014},
  month = mar 
}

@article{Landau:1948kw,
    author = "Landau, L.D.",
    doi = "10.1016/B978-0-08-010586-4.50070-5",
    journal = "Dokl.\ Akad.\ Nauk SSSR",
    number = "2",
    pages = "207--209",
    title = "{On the angular momentum of a system of two photons}",
    volume = "60",
    year = "1948"
}
@article{Yang:1950rg,
    author = "Yang, Chen-Ning",
    doi = "10.1103/PhysRev.77.242",
    journal = "Phys.\ Rev.",
    pages = "242--245",
    title = "{Selection Rules for the Dematerialization of a Particle Into Two Photons}",
    volume = "77",
    year = "1950"
}

@article{Kim:2016,
  title = {Probing TeV scale top-philic resonances with boosted top-tagging at the high luminosity LHC},
  author = {Kim, Jeong Han and Kong, Kyoungchul and Lee, Seung J. and Mohlabeng, Gopolang},
  journal = {Phys. Rev. D},
  volume = {94},
  issue = {3},
  pages = {035023},
  numpages = {20},
  year = {2016},
  publisher = {American Physical Society},
  doi = {10.1103/PhysRevD.94.035023},
  url = {https://link.aps.org/doi/10.1103/PhysRevD.94.035023}
}

@article{Greiner:2015,
  doi = {10.1007/jhep04(2015)029},
  url = {https://doi.org/10.1007/jhep04(2015)029},
  year = {2015},
  publisher = {Springer Science and Business Media {LLC}},
  volume = {2015},
  number = {4},
  author = {Nicolas Greiner and Kyoungchul Kong and Jong-Chul Park and Seong Chan Park and Jan-Christopher Winter},
  title = {Model-independent production of a top-philic resonance at the {LHC}},
  journal = {Journal of High Energy Physics}
}

@misc{vanbeekveld2022thresholdresummationproductionquarks,
      title={Threshold resummation for the production of four top quarks at the LHC}, 
      author={Melissa van Beekveld and Anna Kulesza and Laura Moreno Valero},
      year={2022},
      eprint={2212.03259},
      archivePrefix={arXiv},
      primaryClass={hep-ph},
      url={https://arxiv.org/abs/2212.03259}, 
}

%%%%%%%%%%%%%%%%%%%%%%%%%%%%%%%%%%%%
%%% Object Selection
%%%%%%%%%%%%%%%%%%%%%%%%%%%%%%%%%%%%

@misc{twiki:TopCPToolKit,
  title = {TopCPToolKit framwework for SM and BSM 4top},
  howpublished = {\url{https://gitlab.cern.ch/atlasphys-top/TopPlusX/ANA-TOPQ-2023-43/TopCPToolkit}},
  note = {Accessed: 2024-09-26}
}

@article{Aad:2019tso,
    xauthor = "Aad, Georges and others",
    author = "{ATLAS Collaboration}",
    title = "{Electron and photon performance measurements with the ATLAS detector using the 2015\textendash{}2017 LHC proton-proton collision data}",
    eprint = "1908.00005",
    archivePrefix = "arXiv",
    primaryClass = "hep-ex",
    reportNumber = "CERN-EP-2019-145",
    doi = "10.1088/1748-0221/14/12/P12006",
    journal = "JINST",
    volume = "14",
    number = "12",
    pages = "P12006",
    year = "2019"
}

@misc{twiki:EGammaIdentificationRun2,
  title = {Electron and Photon Selection and Identification for Run2 },
  howpublished = {\url{https://twiki.cern.ch/twiki/bin/view/AtlasProtected/EGammaIdentificationRun2}},
  note = {Accessed: 2021-04-12}
}
@misc{twiki:ElectronEfficiencyRun2,
  title = {Electron Efficiencies for Run2 (scale factors and uncertainties)  },
  howpublished = {\url{https://twiki.cern.ch/twiki/bin/view/AtlasProtected/ElectronEfficiencyRun2}},
  note = {Accessed: 2021-04-12}
}
@misc{twiki:IsolationSelectionTool ,
  title = {IsolationSelectionTool},
  howpublished = {\url{https://twiki.cern.ch/twiki/bin/view/AtlasProtected/IsolationSelectionTool}},
  note = {Accessed: 2021-04-12}
}
@misc{twiki:ECIDSTool,
  title = {Electron Charge ID Selector Tool},
  howpublished = {\url{https://twiki.cern.ch/twiki/bin/viewauth/AtlasProtected/ElectronChargeFlipTaggerTool}},
  note = {Accessed: 2021-04-12}
}
@misc{twiki:LatestElectronRecomendations,
  title = {Latest Run 2 Electron Recommendations },
  howpublished = {\url{https://twiki.cern.ch/twiki/bin/view/AtlasProtected/LatestRecommendationsElectronIDRun2}},
  note = {Accessed: 2021-04-12}
}
@article{Aad:2020gmm,
    xauthor = "Aad, Georges and others",
    author = "{ATLAS Collaboration}",
    title = "{Muon reconstruction and identification efficiency in ATLAS using the full Run 2 $pp$ collision data set at $\sqrt{s}=13$ TeV}",
    eprint = "2012.00578",
    archivePrefix = "arXiv",
    primaryClass = "hep-ex",
    reportNumber = "CERN Preprint ID: CERN-EP-2020-199",
    month = "12",
    year = "2020"
}

@misc{twiki:MuonSelectionTool,
  title = {MuonSelectionTool in Rel. 21 },
  howpublished = {\url{https://twiki.cern.ch/twiki/bin/view/Atlas/MuonSelectionToolR21}},
  note = {Accessed: 2021-04-13}
}

@misc{twiki:FinalTrackingRecommendations,
  title = {Final Tracking CP Recommendations for Run 2 },
  howpublished = {\url{https://twiki.cern.ch/twiki/bin/view/AtlasProtected/TrackingCPRecsRun2Final}},
  note = {Accessed: 2021-04-13}
}

@misc{twiki:FMCPAnalysisGuidelines,
  title = {MCPAnalysisGuidelinesR22},
  howpublished = {\url{https://twiki.cern.ch/twiki/bin/view/AtlasProtected/MCPAnalysisGuidelinesR22}},
  note = {Accessed: 2024-09-25}
}

@article{atlascollaboration2020jet,
      title={Jet energy scale and resolution measured in proton-proton collisions at $\sqrt{s}=13$ TeV with the ATLAS detector}, 
      author={ATLAS Collaboration},
      year={2020},
      eprint={2007.02645},
      archivePrefix={arXiv},
      primaryClass={hep-ex}
}

@misc{twiki:JetVertexTaggerTool,
  title = {JetVertexTagger for Run-2 in reco and analysis},
  howpublished = {\url{https://twiki.cern.ch/twiki/bin/view/AtlasProtected/JetVertexTaggerTool}},
  note = {Accessed: 2021-04-13}
}

@misc{twiki:PileupJetRecommendations,
  title = {Pileup jet recommendations},
  howpublished = {\url{https://twiki.cern.ch/twiki/bin/view/AtlasProtected/PileupJetRecommendations}},
  note = {Accessed: 2024-09-25}
}
@misc{twiki:ApplyJetCalibrationR22,
  title = {ApplyJetCalibrationR22},
  howpublished = {\url{https://twiki.cern.ch/twiki/bin/viewauth/AtlasProtected/JetEtmissRecommendationsR22}},
  note = {Accessed: 2024-09-25}
}

@misc{twiki:HowToCleanJets22,
  title = {HowToCleanJets22: Jet-Based Event Cleaning},
  howpublished = {\url{https://twiki.cern.ch/twiki/bin/view/AtlasProtected/HowToCleanJetsR22}},
  note = {Accessed: 2024-09-25}
}

@misc{twiki:FTAGRecommendationsRelease22,
  title = {Tagger Recommendations for Release 22},
  howpublished = {\url{https://ftag-docs.docs.cern.ch/recommendations/algs/r22-preliminary/}},
  note = {Accessed: 2024-09-26}
}

@article{ftag:ttbar,
   title={ATLAS b-jet identification performance and efficiency measurement with $t{\bar{t}}$ events in pp collisions at $\sqrt{s}=13$ TeV},
   volume={79},
   ISSN={1434-6052},
   DOI={10.1140/epjc/s10052-019-7450-8},
   number={11},
   journal={The European Physical Journal C},
   publisher={Springer Science and Business Media LLC},
   author="{ATLAS Collaboration}",
   archivePrefix = "arXiv",
   eprint        = "1907.05120",
   primaryClass  = {hep-ex},
   pages 		 = {970},
   year={2019},
   month={Nov}}

@article{Aaboud_2018,
   title={Performance of missing transverse momentum reconstruction with the ATLAS detector using proton-proton collisions at $\sqrt{s}=13$~\hbox {TeV}},
   volume={78},
   ISSN={1434-6052},
   url={http://dx.doi.org/10.1140/epjc/s10052-018-6288-9},
   DOI={10.1140/epjc/s10052-018-6288-9},
   number={11},
   journal={The European Physical Journal C},
   publisher={Springer Science and Business Media LLC},
   author="{ATLAS Collaboration}",
   year={2018},
   month={Nov}
}

@misc{twiki:ETmissRecommendationsRelease22,
  title = {ETmiss Recommendations for Release 22},
  howpublished = {\url{https://twiki.cern.ch/twiki/bin/viewauth/AtlasProtected/EtmissRecommendationsFullRun2}},
  note = {Accessed: 2024-09-26}
}

%%%%%%%%%%%%%%%%%%%%%%%%%%%%%%%%%%%%
%%% Event Selection
%%%%%%%%%%%%%%%%%%%%%%%%%%%%%%%%%%%%

@article{Aad_2020,
    author = "{ATLAS Collaboration}",
    title = "{ATLAS data quality operations and performance for 2015–2018 data-taking}",
    eprint = "2012.00578",
    archivePrefix = "arXiv",
    url={http://dx.doi.org/10.1088/1748-0221/15/04/P04003},
    DOI={10.1088/1748-0221/15/04/p04003},
    month = "04",
    year = "2020"
}

@article{collaboration_2014,
   author = "{ATLAS Collaboration}",
   title={Monitoring and data quality assessment of the ATLAS liquid argon calorimeter},
   volume={9},
   url={http://dx.doi.org/10.1088/1748-0221/9/07/P07024},
   DOI={10.1088/1748-0221/9/07/p07024},
   number={07},
   journal={Journal of Instrumentation},
   publisher={IOP Publishing},
   year={2014}}

@misc{twiki:TrackingCPRecsRun2R22,
  title = {TrackingCPRecsRun2R22},
  howpublished = {\url{https://twiki.cern.ch/twiki/bin/view/AtlasProtected/TrackingCPRecsRun2R22}},
  note = {Accessed: 2024-09-26}
}

@misc{twiki:XAODMatchingTool,
  title = {XAODMatchingTool},
  howpublished = {\url{https://twiki.cern.ch/twiki/bin/view/Atlas/XAODMatchingTool}},
  note = {Accessed: 2024-09-26}
}

@misc{twiki:TrigGlobalEfficiencyCorrectionTool,
  title = {TrigGlobalEfficiencyCorrectionTool},
  howpublished = {\url{https://twiki.cern.ch/twiki/bin/view/Atlas/TrigGlobalEfficiencyCorrectionTool}},
  note = {Accessed: 2024-09-26}
}

@misc{twiki:MuonTriggerPhysicsRecommendationsRun32022,
  title = {MuonTriggerPhysicsRecommendationsRun32022},
  howpublished = {\url{https://twiki.cern.ch/twiki/bin/view/Atlas/MuonTriggerPhysicsRecommendationsRun32022}},
  note = {Accessed: 2024-09-26}
}

%%%%%%%%%%%%%%%%%%%%%%%%%%%%%%%%%%%%
%%% fit section
%%%%%%%%%%%%%%%%%%%%%%%%%%%%%%%%%%%%

@misc{moneta2011roostats,
	title={The RooStats Project}, 
	author={Lorenzo Moneta and Kevin Belasco and Kyle Cranmer and Sven Kreiss and Alfio Lazzaro and Danilo Piparo and Gregory Schott and Wouter Verkerke and Matthias Wolf},
	year={2011},
	eprint={1009.1003},
	archivePrefix={arXiv},
	primaryClass={physics.data-an}
}

@misc{trexfitter,
	title={TRExFitter},
	url = "https://gitlab.cern.ch/TRExStats/TRExFitter",
}

@misc{mctruthtool,
  title={MCTruthTool},
  url = "https://gitlab.cern.ch/atlas/athena/-/tree/main/PhysicsAnalysis/AnalysisCommon/TruthClassification",
}

%%%%%%%%%%%%%%%%%%%%%%%%%%%%%%%%%%%%
%%% Appendice for GNN
%%%%%%%%%%%%%%%%%%%%%%%%%%%%%%%%%%%%


@misc{Battgalia_2018,
	author = {Battaglia, Peter W. and Hamrick, Jessica B. and Bapst, Victor and Sanchez-Gonzalez, Alvaro and Zambaldi, Vinicius and Malinowski, Mateusz and Tacchetti, Andrea and Raposo, David and Santoro, Adam and Faulkner, Ryan and Gulcehre, Caglar and Song, Francis and Ballard, Andrew and Gilmer, Justin and Dahl, George and Vaswani, Ashish and Allen, Kelsey and Nash, Charles and Langston, Victoria and Dyer, Chris and Heess, Nicolas and Wierstra, Daan and Kohli, Pushmeet and Botvinick, Matt and Vinyals, Oriol and Li, Yujia and Pascanu, Razvan},
	copyright = {arXiv.org perpetual, non-exclusive license},
	date-modified = {2022-05-18 15:19:32 -0700},
	doi = {10.48550/ARXIV.1806.01261},
	keywords = {Machine Learning (cs.LG), Artificial Intelligence (cs.AI), Machine Learning (stat.ML), FOS: Computer and information sciences, FOS: Computer and information sciences},
	publisher = {arXiv},
	title = {Relational inductive biases, deep learning, and graph networks},
	url = {https://arxiv.org/abs/1806.01261},
	year = {2018},
	bdsk-url-1 = {https://arxiv.org/abs/1806.01261},
	bdsk-url-2 = {https://doi.org/10.48550/ARXIV.1806.01261}
}

@article{Aad2023,
    author = {The ATLAS collaboration},
    title = {Search for $ t\overline{t}H/A\to t\overline{t}t\overline{t} $ production in the multilepton final state in proton–proton collisions at $ \sqrt{s} $ = 13 TeV with the ATLAS detector},
    journal = {Journal of High Energy Physics},
    year = {2023},
    doi = {10.1007/JHEP07(2023)203},
    url = {https://doi.org/10.1007/JHEP07(2023)203}
}

@article{Aad:2853590,
      collaboration = "ATLAS",
      author = {{ATLAS Collaboration}},
      title         = "{Observation of four-top-quark production in the
                       multilepton final state with the ATLAS detector}",
      archivePrefix = "arXiv",
      eprint        = "2303.15061",
      reportNumber  = "CERN-EP-2023-055",
      journal       = "Eur. Phys. J. C",
      volume        = "83",
      pages         = "496",
      year          = "2023",
      url           = "https://cds.cern.ch/record/2853590",
      doi           = "10.1140/epjc/s10052-023-11573-0",
}

@techreport{VazquezSchroeder:2314122,
      author        = {The ATLAS collaboration},
      title         = "{Search for the Associated Production of a Higgs Boson and
                       a Top Quark Pair in multilepton final states in 80
                       fb$^{-1}$ $pp$ Collisions at $\sqrt{s}$ = 13 TeV with the
                       ATLAS Detector}",
      institution   = "CERN",
      reportNumber  = "ATL-COM-PHYS-2018-410",
      address       = "Geneva",
      year          = "2018",
      url           = "https://cds.cern.ch/record/2314122",
}

@article{bg:qcd_scaling,
    author = "Gerwick, Erik and Plehn, Tilman and Schumann, Steffen and Schichtel, Peter",
    title = "{Scaling Patterns for QCD Jets}",
    eprint = "1208.3676",
    archivePrefix = "arXiv",
    primaryClass = "hep-ph",
    doi = "10.1007/JHEP10(2012)162",
    journal = "JHEP",
    volume = "10",
    pages = "162",
    year = "2012"
}

@article{LUCID2,
  author={G. Avoni and others},
  title={The new LUCID-2 detector for luminosity measurement and monitoring in ATLAS},
  journal={JINST},
  volume={13},
  number={07},
  pages={P07017},
  doi="10.1088/1748-0221/13/07/P07017",
  year={2018},
}

@misc{twiki:lumi,
  title = {Luminosity Recommendations},
  howpublished = {\url{https://twiki.cern.ch/twiki/bin/view/Atlas/LuminosityForPhysics}},
  note = {Accessed: 2022-08-30}
}

@misc{twiki:FTAG-2023-01,
  title = {GN2 FTAG},
  howpublished = {\url{https://atlas.web.cern.ch/Atlas/GROUPS/PHYSICS/PLOTS/FTAG-2023-01/}},
  note = {Accessed: 2024-10-30}
}

@article{ATLAS:2020cli,
    author = "Aad, Georges and others",
    collaboration = "ATLAS",
    title = "{Jet energy scale and resolution measured in proton\textendash{}proton collisions at $\sqrt{s}=13$~TeV with the ATLAS detector}",
    eprint = "2007.02645",
    archivePrefix = "arXiv",
    primaryClass = "hep-ex",
    reportNumber = "CERN-EP-2020-083",
    doi = "10.1140/epjc/s10052-021-09402-3",
    journal = "Eur. Phys. J. C",
    volume = "81",
    number = "8",
    pages = "689",
    year = "2021"
}

@techreport{Asbah:2670354,
      author        = "SM \tttt\ analysis team",
      title         = "{Search for $t\bar{t}t\bar{t}$ Standard Model Production
                       in the Multilepton Final State in proton-proton collisions
                       with the ATLAS Detector}",
      institution   = "CERN",
      address       = "Geneva",
      reportNumber  = "ATL-COM-PHYS-2019-302",
      year          = "2019",
      url           = "https://cds.cern.ch/record/2670354",
}

@article{Demartin_2017,
  author = {Federico Demartin and Benedikt Maier and Fabio Maltoni and Kentarou Mawatari and Marco Zaro},
  title = {$tWH$ associated production at the {LHC}},
  journal = {EPJC},
  volume = {77},
  number = {1},
  year = 2017,
  month = {jan},
  doi = {10.1140/epjc/s10052-017-4601-7},
  url = {https://doi.org/10.1140/epjc/s10052-017-4601-7},
  eprint={1607.05862},
  archivePrefix={arXiv},
  primaryClass={hep-ph},
  publisher = {Springer Science and Business Media {LLC}},
}

@article{nuflowsLeigh,
    author = "Leigh, Matthew and Raine, John Andrew and Zoch, Knut and Golling, Tobias",
    title = "{$\nu$-flows: Conditional neutrino regression}",
    eprint = "2207.00664",
    archivePrefix = "arXiv",
    primaryClass = "hep-ph",
    doi = "10.21468/SciPostPhys.14.6.159",
    journal = "SciPost Phys.",
    volume = "14",
    number = "6",
    pages = "159",
    year = "2023"
}

@article{nu2flows,
    author = "Raine, John Andrew and Leigh, Matthew and Zoch, Knut and Golling, Tobias",
    title = "{Fast and improved neutrino reconstruction in multineutrino final states with conditional normalizing flows}",
    eprint = "2307.02405",
    archivePrefix = "arXiv",
    primaryClass = "hep-ph",
    doi = "10.1103/PhysRevD.109.012005",
    journal = "Phys. Rev. D",
    volume = "109",
    number = "1",
    pages = "012005",
    year = "2024"
}
@misc{salt,
  title = {Salt framework},
  howpublished = {\url{https://ftag-salt.docs.cern.ch/}},
}

@article{Greiner2015,
  doi = {10.1007/jhep04(2015)029},
  url = {https://doi.org/10.1007/jhep04(2015)029},
  year = {2015},
  month = apr,
  publisher = {Springer Science and Business Media {LLC}},
  volume = {2015},
  number = {4},
  author = {Nicolas Greiner and Kyoungchul Kong and Jong-Chul Park and Seong Chan Park and Jan-Christopher Winter},
  title = {Model-independent production of a top-philic resonance at the {LHC}},
  journal = {Journal of High Energy Physics}
}

@article{ATLAS:2022hro,
    collaboration = "ATLAS",
    title = "{Luminosity determination in $pp$ collisions at $\sqrt{s}=13$ TeV using the ATLAS detector at the LHC}",
    eprint = "2212.09379",
    archivePrefix = "arXiv",
    primaryClass = "hep-ex",
    reportNumber = "CERN-EP-2022-281",
    month = "12",
    year = "2022"
}

@article{Betchart_2014,
   title={Analytic solutions for neutrino momenta in decay of top quarks},
   volume={736},
   ISSN={0168-9002},
   url={http://dx.doi.org/10.1016/j.nima.2013.10.039},
   DOI={10.1016/j.nima.2013.10.039},
   journal={Nuclear Instruments and Methods in Physics Research Section A: Accelerators, Spectrometers, Detectors and Associated Equipment},
   publisher={Elsevier BV},
   author={Betchart, Burton A. and Demina, Regina and Harel, Amnon},
   year={2014},
   month=feb, pages={169–178} }

@misc{vaswani2023attentionneed,
      title={Attention Is All You Need}, 
      author={Ashish Vaswani and Noam Shazeer and Niki Parmar and Jakob Uszkoreit and Llion Jones and Aidan N. Gomez and Lukasz Kaiser and Illia Polosukhin},
      year={2023},
      eprint={1706.03762},
      archivePrefix={arXiv},
      primaryClass={cs.CL},
      url={https://arxiv.org/abs/1706.03762}, 
}
